@article{GOODMAN2001403,
title = "A bit of progress in language modeling",
journal = "Computer Speech \& Language",
volume = "15",
number = "4",
pages = "403-434",
year = "2001",
issn = "0885-2308",
doi = "10.1006/csla.2001.0174",
OPTurl = "http://www.sciencedirect.com/science/article/pii/S0885230801901743",
author = "Joshua T. Goodman"
}
